@article{tskit2021tskit,
  title={Tskit: a portable library for population scale genealogical analysis},
  author={{Tskit developers}},
  journal={In preparation},
  year={2022},
}

@article{kelleher2016efficient,
  title={Efficient coalescent simulation and genealogical analysis for large sample sizes},
  author={Kelleher, Jerome and Etheridge, Alison M and McVean, Gilean},
  journal={PLoS computational biology},
  volume={12},
  number={5},
  pages={e1004842},
  year={2016},
  publisher={Public Library of Science}
}

@article{kelleher2018efficient,
    author = {Kelleher, Jerome AND Thornton, Kevin R. AND Ashander, Jaime AND
        Ralph, Peter L.},
    journal = {PLoS Computational Biology},
    publisher = {Public Library of Science},
    title = {Efficient pedigree recording for fast population genetics simulation},
    year = {2018},
    month = {11},
    volume = {14},
    pages = {1-21},
    number = {11},
}

@article{haller2018tree,
    title={Tree-sequence recording in {SLiM} opens new horizons for
        forward-time simulation of whole genomes},
    author={Haller, Benjamin C and Galloway, Jared and Kelleher, Jerome and
        Messer, Philipp W and Ralph, Peter L},
    journal={Molecular ecology resources},
    year={2018},
    publisher={Wiley Online Library}
}

@article{kelleher2019inferring,
  author = {Kelleher, Jerome and Wong, Yan and Wohns, Anthony W. 
      and Fadil, Chaimaa and Albers, Patrick K. and McVean, Gil},
  journal = {Nature Genetics},
  keywords = {methods tree_sequence tree_sequence_inference},
  number = 9,
  pages = {1330--1338},
  title = {Inferring whole-genome histories in large population datasets},
  volume = 51,
  year = 2019
}

@article{mcvean2005approximating,
    author ={Gilean A. T. McVean and Niall J. Cardin},
    title = {Approximating the coalescent with recombination}, 
    year = {2005},
    journal = {Philos Trans R Soc Lond B Biol Sci},
    volume = {360},
    pages = {1387--1393},
}

@article{marjoram2006fast,
    author ={Paul Marjoram and Jeff D Wall},
    title = {Fast ``coalescent'' simulation}, 
    year = {2006},
    journal = {BMC Genet},
    volume = {7},
    pages = {16},
}

@article{kingman1982genealogy,
    title={On the genealogy of large populations},
    author={Kingman, John F. C.},
    journal={Journal of applied probability},
    volume={19},
    number={A},
    pages={27--43},
    year={1982},
    publisher={Cambridge University Press}
}

@article{kingman1982coalescent,
    title={The coalescent},
    author={Kingman, John F. C.},
    journal={Stochastic processes and their applications},
    volume={13},
    number={3},
    pages={235--248},
    year={1982},
    publisher={Elsevier}
}

@article {tajima1983evolutionary,
	author = {Tajima, Fumio},
	title = {Evolutionary relationship of {DNA} sequences in finite populations},
	volume = {105},
	number = {2},
	pages = {437--460},
	year = {1983},
	publisher = {Genetics},
	issn = {0016-6731},
	journal = {Genetics}
}

@article{hudson1990gene,
    author = {Richard R. Hudson},
    title = {Gene genealogies and the coalescent process},
    journal = {Oxford Surveys in Evolutionary Biology},
    year = {1990},
    volume = {7},
    pages = {1-44},
}

@article{hudson1983testing,
    title = {Testing the Constant-Rate Neutral Allele Model with Protein Sequence Data},
    author = {Richard R. Hudson},
    journal = {Evolution}, 
    year = {1983},
    volume = {37},
    number = {1}, 
    pages = {203--217},
}

@article{hudson1983properties,
    title = {Properties of a neutral allele model with intragenic recombination},
    author = {Richard R. Hudson},
    journal = {Theoretical Population Biology}, 
    year = {1983},
    volume = {23},
    pages = {183--201},
}

@article{kaplan1985use,
    title = {The use of sample genealogies for studying a selectively neutral 
        $m$-loci model with recombination},
    author = {Norman Kaplan and Richard R. Hudson},
    journal = {Theoretical Population Biology}, 
    year = {1985},
    volume = {28},
    pages = {382--396},
}

@book{wakely2008coalescent,
    author = {Wakeley, John},
    title = {Coalescent theory: an introduction},
    year = {2008},
    address = {Englewood, Colorado},
    publisher = {Roberts and Company},
}


@article{griffiths1991two,
    title={The two-locus ancestral graph},
    author={Griffiths, Robert C},
    journal={Lecture Notes-Monograph Series},
    volume={18},
    pages={100--117},
    year={1991},
}

@incollection{griffiths1997ancestral,
    author = {Robert C Griffiths and Paul Marjoram},
    title = {An ancestral recombination graph},
    editor = {Donnelly, P. and Tavar\'e, S.},
    booktitle = {Progress in Population Genetics and Human Evolution, 
        IMA Volumes in Mathematics and its Applications},
    volume = {87},
    publisher = {Springer-Verlag},
    address = {Berlin},
    year = {1997},
    pages = {257--270},
}

@article{wiuf1999recombination,
    author ={Carsten Wiuf and Jotun Hein},
    title = {Recombination as a Point Process along Sequences}, 
    year = {1999},
    journal = {Theoretical Population Biology},
    volume = {55},
    number = {3},
    pages = {248--259},
}

@article{wiuf1999ancestry,
    title={The ancestry of a sample of sequences subject to recombination},
    author={Wiuf, Carsten and Hein, Jotun},
    journal={Genetics},
    volume={151},
    number={3},
    pages={1217--1228},
    year={1999},
}

@article{wang2014new,
    title={A new method for modeling coalescent processes with recombination},
    author={Wang, Ying and Zhou, Ying and Li, Linfeng and Chen, 
        Xian and Liu, Yuting and Ma, Zhi-Ming and Xu, Shuhua},
    journal={BMC Bioinformatics},
    volume={15},
    number={1},
    pages={273},
    year={2014},
}

@article{donnelly1999particle,
    title={Particle representations for measure-valued population models},
    author={Donnelly, Peter and Kurtz, Thomas G},
    journal={Ann Probab},
    volume={27},
    number={1},
    pages={166--205},
    year={1999},
}

@article{donnelly1999genealogical,
    title={Genealogical processes for {Fleming}--{Viot} models with selection and recombination},
    author={Donnelly, Peter and Kurtz, Thomas G},
    journal={Ann Appl Probab},
    volume={9},
    number={4},
    pages={1091--1148},
    year={1999},
}

@article{gonzalezcasanova2018duality,
    title={Duality and fixation in {$\Xi$}-{Wright}--{Fisher} processes with frequency-dependent selection},
    author={{Gonz\'alez Casanova}, Adri\'an and Span\`o, Dario},
    journal={Ann Appl Probab},
    volume={28},
    number={1},
    pages={250--284},
    year={2018},
}

@article{koskela2019robust,
    title={Robust model selection between population growth and multiple merger coalescents},
    author={Koskela, Jere and {Wilke Berenguer}, Maite},
    journal={Mahematical Biosciences},
    volume={311},
    pages={1--12},
    year={2019},
}

@article{haller2019slim,
    title={{SLiM} 3: forward genetic simulations beyond the {Wright--Fisher}
        model},
    author={Haller, Benjamin C and Messer, Philipp W},
    journal={Molecular biology and evolution},
    volume={36},
    number={3},
    pages={632--637},
    year={2019},
    publisher={Oxford University Press}
}

@article{speidel2019method,
    author = {Speidel, Leo and Forest, Marie and Shi, Sinan and Myers, Simon R.},
    journal = {Nature Genetics},
    number = {9},
    pages = {1321--1329},
    title = {A method for genome-wide genealogy estimation for thousands of samples},
    volume = {51},
    year = {2019}
}

@article{harris2019database,
    title={From a database of genomes to a forest of evolutionary trees},
    author={Harris, Kelley},
    journal={Nature genetics},
    volume={51},
    number={9},
    pages={1306--1307},
    year={2019},
    publisher={Nature Publishing Group}
}

@article{tang2019genealogy,
    title={Genealogy at the genome scale},
    author={Tang, Lin},
    journal={Nature methods},
    volume={16},
    number={11},
    pages={1077--1077},
    year={2019},
}

@article{wilton2015smc,
    title={The {SMC'} is a highly accurate approximation to the ancestral
        recombination graph},
    author={Wilton, Peter R and Carmi, Shai and Hobolth, Asger},
    journal={Genetics},
    volume={200},
    number={1},
    pages={343--355},
    year={2015},
    publisher={Genetics Soc America}
}

@article{wiuf2000coalescent,
    title={The coalescent with gene conversion},
    author={Wiuf, Carsten and Hein, Jotun},
    journal={Genetics},
    volume={155},
    number={1},
    pages={451--462},
    year={2000},
    publisher={Genetics Soc America}
}

@article{kuhner2000maximum,
    title={Maximum likelihood estimation of recombination rates from
        population data},
    author={Kuhner, Mary K and Yamato, Jon and Felsenstein, Joseph},
    journal={Genetics},
    volume={156},
    number={3},
    pages={1393--1401},
    year={2000},
    publisher={Genetics Soc America}
}

@article{nielsen2000estimation,
    title={Estimation of population parameters and recombination rates from single nucleotide polymorphisms},
    author={Nielsen, Rasmus},
    journal={Genetics},
    volume={154},
    number={2},
    pages={931--942},
    year={2000},
    publisher={Genetics Soc America}
}

@article{wang2008bayesian,
    title={Bayesian inference of fine-scale recombination rates using population genomic data},
    author={Wang, Ying and Rannala, Bruce},
    journal={Phil Trans R Soc B},
    volume={363},
    pages={3921--3930},
    year={2008},
    publisher={The Royal Society Publishing}
}

@article{wang2009population,
    title={Population genomic inference of recombination rates and hotspots},
    author={Wang, Ying and Rannala, Bruce},
    journal={Proceedings of the National Academy of Sciences},
    volume={106},
    number={15},
    pages={6215--6219},
    year={2009},
    publisher={National Acad Sciences}
}

@article{minichiello2006mapping,
    title={Mapping trait loci by use of inferred ancestral recombination
        graphs},
    author={Minichiello, Mark J and Durbin, Richard},
    journal={The American Journal of Human Genetics},
    volume={79},
    number={5},
    pages={910--922},
    year={2006},
    publisher={Elsevier}
}

@article{rasmussen2014genome,
    title={Genome-wide inference of ancestral recombination graphs},
    author={Rasmussen, Matthew D and Hubisz, Melissa J and Gronau, Ilan and
        Siepel, Adam},
    journal={PLoS genetics},
    volume={10},
    number={5},
    pages={e1004342},
    year={2014},
    publisher={Public Library of Science}
}

@article{zheng2014bayesian,
    title={Bayesian inference of local trees along chromosomes by the sequential Markov coalescent},
    author={Zheng, Chaozhi and Kuhner, Mary K and Thompson, Elizabeth A},
    journal={Journal of molecular evolution},
    volume={78},
    number={5},
    pages={279--292},
    year={2014},
    publisher={Springer}
}

@article{heine2018bridging,
    title={Bridging trees for posterior inference on ancestral recombination graphs},
    author={Heine, Kari and Beskos, Alexandros and Jasra, Ajay and Balding, David and {De Iorio}, Maria},
    journal={Proc R Soc A},
    volume={474},
    pages={20180568},
    year={2018},
    publisher={The Royal Society Publishing}
}

@article{didelot2010inference,
    title={Inference of homologous recombination in bacteria using whole-genome sequences},
    author={Didelot, Xavier and Lawson, Daniel and Darling, Aaron and Falush, Daniel},
    journal={Genetics},
    volume={186},
    issue={4},
    pages={1435--1449},
    year={2010},
    publisher={Genetics Soc America}
}

@article{didelot2007inference,
    title={Inference of bacterial microevolution using multilocus sequence data},
    author={Didelot, Xavier and Falush, Daniel},
    journal={Genetics},
    volume={175},
    issue={3},
    pages={1251--1266},
    year={2007},
    publisher={Genetics Soc America}
}

@article{medina2020speeding,
    title={Speeding up Inference of Homologous Recombination in Bacteria},
    author={Medina-Aguayo, Felipe J and Didelot, Xavier and Everitt,
        Richard G},
    journal={bioRxiv},
    year={2020},
    publisher={Cold Spring Harbor Laboratory}
}

@article{mahmoudi2022bayesian,
    author = {Mahmoudi, Ali AND Koskela, Jere AND Kelleher, Jerome AND Chan, Yao-ban AND Balding, David},
    journal = {PLOS Computational Biology},
    publisher = {Public Library of Science},
    title = {Bayesian inference of ancestral recombination graphs},
    year = {2022},
    month = {03},
    volume = {18},
    pages = {1-15},
    number = {3},

}

@article{zhang2023biobank,
    title={Biobank-scale inference of ancestral recombination graphs
        enables genealogical analysis of complex traits},
    author={Zhang, Brian C and Biddanda, Arjun and Gunnarsson, {\'A}rni
        Freyr and Cooper, Fergus and Palamara, Pier Francesco},
    journal={Nature Genetics},
    pages={768--776},
    volume={55},
    year={2023},
}

@article{ignatieva2021kwarg,
    title={{KwARG}: parsimonious reconstruction of ancestral recombination graphs with recurrent mutation},
    author={Ignatieva, Anastasia and Lyngs{\o}, Rune B and Jenkins, Paul A and Hein, Jotun},
    journal={Bioinformatics},
    volume={37},
    issue={19},
    pages={3277--3284},
    year={2021},
    publisher={Oxford University Press}
}

@article{hein1993heuristic,
    title={A heuristic method to reconstruct the history of sequences subject to recombination},
    author={Hein, Jotun},
    journal={J Mol Evol},
    volume={36},
    pages={396--405},
    year={1993},
    publisher={Springer}
}

@inproceedings{thao2019hybrid,
    title={A hybrid approach to optimize the number of recombinations 
        in ancestral recombination graphs},
    author={Thao, Nguyen Thi Phuong and Vinh, Le Sy},
    booktitle={Proceedings of the 2019 9th International Conference on Bioscience, Biochemistry and Bioinformatics},
    pages={36--42},
    year={2019},
    publisher={Association for Computing Machinery}
}

@inproceedings{lyngso2005minimum,
    title={Minimum recombination histories by branch and bound},
    author={Lyngs{\o}, Rune B and Song, Yun S and Hein, Jotun},
    booktitle={International Workshop on Algorithms in Bioinformatics},
    pages={239--250},
    year={2005},
    publisher={Springer}
}

@book{hein2004gene,
    title={Gene genealogies, variation and evolution: a primer in coalescent
        theory},
    author={Hein, Jotun and Schierup, Mikkel and Wiuf, Carsten},
    year={2004},
    publisher={Oxford University Press, USA}
}

@article{felsenstein1989phylip,
    author ={Joseph Felsenstein},
    title = {{PHYLIP}---phylogeny inference package (version 3.2)},
    year = {1989},
    journal = {Cladistics},
    volume = {5},
    pages = {164--166},
}

@article{ralph2020efficiently,
    title={Efficiently summarizing relationships in large samples: a general
        duality between statistics of genealogies and genomes},
    author={Ralph, Peter and Thornton, Kevin and Kelleher, Jerome},
    journal={Genetics},
    volume={215},
    number={3},
    pages={779--797},
    year={2020},
    publisher={Oxford University Press}
}

@article{mathieson2020ancestry,
    title={What is ancestry?},
    author={Mathieson, Iain and Scally, Aylwyn},
    journal={PLoS Genetics},
    volume={16},
    number={3},
    pages={e1008624},
    year={2020},
    publisher={Public Library of Science San Francisco, CA USA}
}

@article{ethier1990two,
    title={On the two-locus sampling distribution},
    author={Ethier, Stewart N and Griffiths, Robert C},
    journal={Journal of Mathematical Biology},
    volume={29},
    number={2},
    pages={131--159},
    year={1990},
    publisher={Springer}
}

@article{mirzaei2017rent,
    title={{RENT+}: an improved method for inferring local genealogical trees
        from haplotypes with recombination},
    author={Mirzaei, Sajad and Wu, Yufeng},
    journal={Bioinformatics},
    volume={33},
    number={7},
    pages={1021--1030},
    year={2017},
    publisher={Oxford University Press}
}

@article{cardona2008extended,
    author = {Gabriel Cardona and Francesc Rossell\'o and Gabriel Valiente},
    title = {Extended {Newick}: it is time for a standard 
        representation of phylogenetic networks}, 
    year = {2008},
    journal = {BMC Bioinformatics},
    volume = {9},
    pages = {532},
}

@article{mcgill2013graphml,
    title={{GraphML} specializations to codify ancestral recombinant graphs},
    author={McGill, James R and Walkup, Elizabeth A and Kuhner, Mary K},
    journal={Fron Genet},
    volume={4},
    pages = {146},
    year={2013},
}

@article{schaefer2021ancestral,
    title={An ancestral recombination graph of human, {N}eanderthal, and
        {D}enisovan genomes},
    author={Schaefer, Nathan K and Shapiro, Beth and Green, Richard E},
    journal={Science Advances},
    volume={7},
    number={29},
    pages={eabc0776},
    year={2021},
    publisher={American Association for the Advancement of
        Science}
}

@article{osmond2021estimating,
    title={Estimating dispersal rates and locating genetic ancestors with
        genome-wide genealogies},
    author={Osmond, Matthew and Coop, Graham},
    journal={bioRxiv},
    year={2021},
    publisher={Cold Spring Harbor Laboratory}
}

@article{morrison2016genealogies,
  title={Genealogies: Pedigrees and phylogenies are reticulating networks not just divergent trees},
  author={Morrison, David A},
  journal={Evolutionary biology},
  volume={43},
  number={4},
  pages={456--473},
  year={2016},
  publisher={Springer}
}

@article{krone1997ancestral,
    title={Ancestral processes with selection},
    author={Krone, Stephen M and Neuhauser, Claudia},
    journal={Theoretical population biology},
    volume={51},
    number={3},
    pages={210--237},
    year={1997},
    publisher={Elsevier}
}

@article{neuhauser1997genealogy,
    title={The genealogy of samples in models with selection},
    author={Neuhauser, Claudia and Krone, Stephen M},
    journal={Genetics},
    volume={145},
    number={2},
    pages={519--534},
    year={1997},
    publisher={Genetics Soc America}
}

@article{neuhauser1999ancestral,
    title={The ancestral graph and gene genealogy under frequency-dependent
        selection},
    author={Neuhauser, Claudia},
    journal={Theoretical population biology},
    volume={56},
    number={2},
    pages={203--214},
    year={1999},
    publisher={Elsevier}
}

@article{baumdicker2014infinitely,
    title={The infinitely many genes model with horizontal gene transfer},
    author={Baumdicker, Franz and Pfaffelhuber, Peter},
    journal={Electronic Journal of Probability},
    volume={19},
    pages={1--27},
    year={2014},
    publisher={Institute of Mathematical Statistics and Bernoulli
        Society}
}

@article{etheridge2009coalescent,
    title={A coalescent dual process in a {Moran} model with genic selection},
    author={Etheridge, Alison M and Griffiths, Robert C},
    journal={Theoretical population biology},
    volume={75},
    number={4},
    pages={320--330},
    year={2009},
    publisher={Elsevier}
}

@article{myers2003bounds,
  title={Bounds on the minimum number of recombination events in a sample history},
  author={Myers, Simon R and Griffiths, Robert C},
  journal={Genetics},
  volume={163},
  number={1},
  pages={375--394},
  year={2003},
  publisher={Genetics Soc America}
}

@article{song2004minimum,
  title={On the minimum number of recombination events in the evolutionary history 
      of {DNA} sequences},
  author={Song, Yun S and Hein, Jotun},
  journal={Journal of Mathematical Biology},
  volume={48},
  number={2},
  pages={160--186},
  year={2004},
  publisher={Springer}
}

@article{song2005constructing,
  title={Constructing minimal ancestral recombination graphs},
  author={Song, Yun S and Hein, Jotun},
  journal={Journal of Computational Biology},
  volume={12},
  number={2},
  pages={147--169},
  year={2005},
  publisher={Mary Ann Liebert, Inc. 2 Madison Avenue Larchmont, NY 10538 USA}
}

@article{hein1990reconstructing,
  title={Reconstructing evolution of sequences subject to recombination using parsimony},
  author={Hein, Jotun},
  journal={Mathematical biosciences},
  volume={98},
  number={2},
  pages={185--200},
  year={1990},
  publisher={Elsevier}
}

@article{gusfield2007decomposition,
  title={A decomposition theory for phylogenetic networks and incompatible characters},
  author={Gusfield, Dan and Bansal, Vikas and Bafna, Vineet and Song, Yun S},
  journal={Journal of Computational Biology},
  volume={14},
  number={10},
  pages={1247--1272},
  year={2007},
  publisher={Mary Ann Liebert, Inc. 2 Madison Avenue Larchmont, NY 10538 USA}
}

@article{gusfield2004optimal,
  title={Optimal, efficient reconstruction of phylogenetic networks with constrained recombination},
  author={Gusfield, Dan and Eddhu, Satish and Langley, Charles},
  journal={Journal of bioinformatics and computational biology},
  volume={2},
  number={01},
  pages={173--213},
  year={2004},
  publisher={World Scientific}
}

@article{wang2001perfect,
  title={Perfect phylogenetic networks with recombination},
  author={Wang, Lusheng and Zhang, Kaizhong and Zhang, Louxin},
  journal={Journal of Computational Biology},
  volume={8},
  number={1},
  pages={69--78},
  year={2001},
  publisher={Mary Ann Liebert, Inc.}
}

@article{bordewich2005computational,
  title={On the computational complexity of the rooted subtree prune and regraft distance},
  author={Bordewich, Magnus and Semple, Charles},
  journal={Annals of combinatorics},
  volume={8},
  number={4},
  pages={409--423},
  year={2005},
  publisher={Springer}
}

@article{song2005efficient,
  title={Efficient computation of close lower and upper bounds on the minimum number of 
      recombinations in biological sequence evolution},
  author={Song, Yun S and Wu, Yufeng and Gusfield, Dan},
  journal={Bioinformatics},
  volume={21},
  number={suppl\_1},
  pages={i413--i422},
  year={2005},
  publisher={Oxford University Press}
}

@article{parida2008estimating,
  title={Estimating the ancestral recombinations graph ({ARG}) as compatible
      networks of {SNP} patterns},
  author={Parida, Laxmi and Mel{\'e}, Marta and Calafell, Francesc and Bertranpetit, Jaume and Genographic Consortium},
  journal={Journal of Computational Biology},
  volume={15},
  number={9},
  pages={1133--1153},
  year={2008},
  publisher={Mary Ann Liebert, Inc. 2 Madison Avenue Larchmont, NY 10538 USA}
}

@article{parida2011minimal,
    title={A minimal descriptor of an ancestral recombinations graph},
    author={Parida, Laxmi and Palamara, Pier Francesco and Javed, Asif},
    journal={BMC bioinformatics},
    volume={12},
    number={1},
    pages={1--17},
    year={2011},
    publisher={BioMed Central}
}

@article{fallon2013acg,
  title={{ACG:} rapid inference of population history from recombining nucleotide sequences},
  author={O'Fallon, Brendan D},
  journal={BMC bioinformatics},
  volume={14},
  number={1},
  pages={40},
  year={2013},
  publisher={BioMed Central}
}

@article{griffiths1996ancestral,
  title={Ancestral inference from samples of {DNA} sequences with recombination},
  author={Griffiths, Robert C and Marjoram, Paul},
  journal={Journal of Computational Biology},
  volume={3},
  number={4},
  pages={479--502},
  year={1996}
}

@article{fearnhead2001estimating,
  title={Estimating recombination rates from population genetic data},
  author={Fearnhead, Paul and Donnelly, Peter},
  journal={Genetics},
  volume={159},
  number={3},
  pages={1299--1318},
  year={2001},
  publisher={Genetics Soc America}
}

@article{fearnhead2001perfect,
  title={Perfect simulation from population genetic models with selection},
  author={Fearnhead, Paul},
  journal={Theoretical Population Biology},
  volume={59},
  number={4},
  pages={263--279},
  year={2001},
  publisher={Elsevier}
}

@article{fearnhead2003ancestral,
  title={Ancestral processes for non-neutral models of complex diseases},
  author={Fearnhead, Paul},
  journal={Theoretical Population Biology},
  volume={63},
  number={2},
  pages={115--130},
  year={2003},
  publisher={Elsevier}
}


@article{jenkins2011inference,
  title={Inference from samples of {DNA} sequences using a two-locus model},
  author={Jenkins, Paul A and Griffiths, Robert C},
  journal={J Comput Biol},
  volume={18},
  pages={109--127},
  year={2011},
  publisher={Mary Ann Liebert}
}

@inproceedings{chan2018likelihood,
  title={A likelihood-free inference framework for population genetic data using 
	  exchangeable neural networks},
  author={JChan, Jeffrey and Perrone, Valerio and Spence, Jeffrey P and Jenkins, 
	  Paul A and Mathieson, Sara and Song, Yun S},
  booktitle={Proceedings of the 32nd International Conference on Neural Information Processing Systems},
  pages={8603–8614},
  location = {Montr\'{e}al, Canada},
  series = {NIPS'18},
  year={2018},
  publisher = {Curran Associates Inc.}
}

@book{felsenstein2004inferring,
  author = {Felsenstein, J.},
  publisher = {Sinauer Associates, Inc.},
  title = {Inferring phylogenies},
  year = {2004}
}

@article{mcvean2002genealogical,
	title={A genealogical interpretation of linkage disequilibrium},
	author={McVean, Gilean A. T.},
	journal={Genetics},
	volume={162},
	number={2},
	pages={987--991},
	year={2002},
	publisher={Oxford University Press}
}

@article{mcvean2009genealogical,
	title={A genealogical interpretation of principal components
		analysis},
	author={McVean, Gil},
	journal={PLoS genetics},
	volume={5},
	number={10},
	pages={e1000686},
	year={2009},
	publisher={Public Library of Science San Francisco,
		USA}
}

@InCollection{kelleher2020coalescent,
    author={Kelleher, Jerome and Lohse, Konrad},
    editor={Dutheil, Julien Y.},
    title={Coalescent Simulation with msprime},
    bookTitle={Statistical Population Genomics},
    year={2020},
    publisher={Springer US},
    address={New York, NY},
    pages={191--230},
}


@article{hudson2002generating,
    author ={Richard R. Hudson},
    title = {Generating samples under a {Wright-Fisher} neutral model of genetic variation}, 
    year = {2002},
    journal = {Bioinformatics},
    volume = {18},
    number = {2},
    pages = {337--338},
}

@article{camara2016inference,
    title={Inference of ancestral recombination graphs through topological
        data analysis},
    author={C{\'a}mara, Pablo G and Levine, Arnold J and Rabadan, Raul},
    journal={PLoS computational biology},
    volume={12},
    number={8},
    pages={e1005071},
    year={2016},
    publisher={Public Library of Science San Francisco, CA USA}
}

@article{wu2011new,
  title={New methods for inference of local tree topologies with recombinant 
      {SNP} sequences in populations},
  author={Wu, Yufeng},
  journal={IEEE/ACM transactions on computational biology and bioinformatics},
  volume={8},
  number={1},
  pages={182--193},
  year={2011},
  publisher={IEEE}
}

@article{wu2008association,
  title={Association mapping of complex diseases with ancestral recombination graphs:
      models and efficient algorithms},
  author={Wu, Yufeng},
  journal={Journal of Computational Biology},
  volume={15},
  number={7},
  pages={667--684},
  year={2008},
  publisher={Mary Ann Liebert, Inc. 2 Madison Avenue Larchmont, NY 10538 USA}
}

@inproceedings{song2003parsimonious,
  title={Parsimonious reconstruction of sequence evolution and haplotype blocks},
  author={Song, Yun S and Hein, Jotun},
  booktitle={International Workshop on Algorithms in Bioinformatics},
  pages={287--302},
  year={2003},
  organization={Springer}
}

@article{cardona2008comparison,
  title={Comparison of tree-child phylogenetic networks},
  author={Cardona, Gabriel and Rossell{\'o}, Francesc and Valiente, Gabriel},
  journal={IEEE/ACM Transactions on Computational Biology and Bioinformatics},
  volume={6},
  number={4},
  pages={552--569},
  year={2008},
  publisher={IEEE}
}

@article{choy2005computing,
  title={Computing the maximum agreement of phylogenetic networks},
  author={Choy, Charles and Jansson, Jesper and Sadakane, Kunihiko and Sung, Wing-Kin},
  journal={Theoretical Computer Science},
  volume={335},
  number={1},
  pages={93--107},
  year={2005},
  publisher={Elsevier}
}

@book{huson2010phylogenetic,
  title={Phylogenetic networks: concepts, algorithms and applications},
  author={Huson, Daniel H and Rupp, Regula and Scornavacca, Celine},
  year={2010},
  publisher={Cambridge University Press}
}

@book{gusfield2014recombinatorics,
  title={ReCombinatorics: the algorithmics of ancestral recombination graphs and explicit phylogenetic networks},
  author={Gusfield, Dan},
  year={2014},
  publisher={MIT press}
}

@book{steel2016phylogeny,
  title={Phylogeny: Discrete and random processes in evolution},
  author={Steel, Mike},
  year={2016},
  publisher={SIAM}
}

@article{rannala2003genetics,
	author = {Rannala, Bruce and Yang, Ziheng},
	journal = {Genetics},
	month = {08},
	number = {4},
	pages = {1645--1656},
	title = {Bayes estimation of species divergence times and ancestral population sizes using      {DNA} sequences from multiple loci},
	volume = {164},
	year = {2003}}


@article{cann1987mitochondrial,
	author = {Cann, Rebecca L. and Stoneking, Mark and Wilson, Allan C.},
	journal = {Nature},
	number = {6099},
	pages = {31--36},
	title = {Mitochondrial {DNA} and human evolution},
	volume = {325},
	year = {1987}}


@article{grenfell2004science,
	author = {Bryan T. Grenfell and Oliver G. Pybus and Julia R. Gog and James L. N. Wood and Janet M. Daly and Jenny A. Mumford and Edward C. Holmes},
	journal = {Science},
	number = {5656},
	pages = {327-332},
	title = {Unifying the Epidemiological and Evolutionary Dynamics of Pathogens},
	volume = {303},
	year = {2004}}
	

@article{underhill2001annalsofhumangenetics,
	author = {Underhill, P. A. and Passarino, G. and Lin, A. A. and Shen, P. and Miraz{\'o}n Lahr, M. and Foley, R. A. and Oefner, P. J. and Cavalli-Sforza, L. L.},
	journal = {Annals of Human Genetics},
	number = {1},
	pages = {43-62},
	title = {The phylogeography of {Y} chromosome binary haplotypes and the 
        origins of modern human populations},
	volume = {65},
	year = {2001}}

@article{fu1995statistical,
  title = {Statistical Properties of Segregating Sites},
  journal = {Theoretical Population Biology},
  volume = {48},
  number = {2},
  pages = {172-197},
  year = {1995},
  author = {Fu, Yun-Xin}
}

@article{tavare1984line,
  title = {Line-of-descent and genealogical processes, and their applications in population genetics models},
  journal = {Theoretical Population Biology},
  volume = {26},
  number = {2},
  pages = {119-164},
  year = {1984},
  author = {Tavaré, Simon}
}

@article{achaz2009frequency,
  author = {Achaz, Guillaume},
  journal = {Genetics},
  number = 1,
  pages = {249--258},
  publisher = {Genetics Society of America},
  title = {Frequency Spectrum Neutrality Tests: {One} for All and All for One},
  volume = 183,
  year = 2009
}

@article{speed2015naturereviewsgenetics,
	author = {Speed, Doug and Balding, David J.},
	journal = {Nature Reviews Genetics},
	number = {1},
	pages = {33--44},
	title = {Relatedness in the post-genomic era: is it still useful?},
	volume = {16},
	year = {2015}}


@article{wakeley2012genetics,
	Author = {Wakeley, John and King, L{\'e}andra and Low, Bobbi S and Ramachandran, Sohini},
	Journal = {Genetics},
	Month = {Apr},
	Number = {4},
	Pages = {1433--1445},
	Title = {Gene genealogies within a fixed pedigree, and the robustness of 
        {Kingman's} coalescent.},
	Volume = {190},
	Year = {2012}}

@article{hejase2020summary,
    title={From summary statistics to gene trees: methods for inferring
        positive selection},
    author={Hejase, Hussein A and Dukler, Noah and Siepel, Adam},
    journal={Trends in Genetics},
    volume={36},
    number={4},
    pages={243--258},
    year={2020},
    publisher={Elsevier}
}

@article{kreitman1983nucleotide,
    title={Nucleotide polymorphism at the alcohol dehydrogenase locus of
        {Drosophila} melanogaster},
    author={Kreitman, Martin},
    journal={Nature},
    volume={304},
    number={5925},
    pages={412--417},
    year={1983},
    publisher={Nature Publishing Group}
}

@article{bycroft2018genome,
    title={The {UK} {Biobank} resource with deep phenotyping and genomic data},
    author={Bycroft, Clare and Freeman, Colin and Petkova, Desislava and
         Band, Gavin and Elliott, Lloyd T and Sharp, Kevin and Motyer, Allan
             and Vukcevic, Damjan and Delaneau, Olivier and O'Connell, Jared
             and others},
    journal={Nature},
    volume={562},
    pages={203–209},
    year={2018},
}

@article{tanjo2021practical,
    title={Practical guide for managing large-scale human genome data in
        research},
    author={Tanjo, Tomoya and Kawai, Yosuke and Tokunaga, Katsushi and
        Ogasawara, Osamu and Nagasaki, Masao},
    journal={Journal of Human Genetics},
    volume={66},
    number={1},
    pages={39--52},
    year={2021},
    publisher={Nature Publishing Group}
}

@article{karczewski2020mutational,
    title={The mutational constraint spectrum quantified from variation in
        141,456 humans},
    author={Karczewski, Konrad J and Francioli, Laurent C and Tiao, Grace
        and Cummings, Beryl B and Alf{\"o}ldi, Jessica and Wang, Qingbo and
            Collins, Ryan L and Laricchia, Kristen M and Ganna, Andrea and
            Birnbaum, Daniel P and others},
    journal={Nature},
    volume={581},
    number={7809},
    pages={434--443},
    year={2020},
    publisher={Nature Publishing Group}
}

@article{bhaskar2014distortion,
    title={Distortion of genealogical properties when the sample is very
        large},
    author={Bhaskar, Anand and Clark, Andrew G and Song, Yun S},
    journal={Proceedings of the National Academy of Sciences},
    volume={111},
    number={6},
    pages={2385--2390},
    year={2014},
    publisher={National Acad Sciences}
}

@article{wakeley2012gene,
    title={Gene genealogies within a fixed pedigree, and the robustness of
        {Kingman's} coalescent},
    author={Wakeley, John and King, L{\'e}andra and Low, Bobbi S and
        Ramachandran, Sohini},
    journal={Genetics},
    volume={190},
    number={4},
    pages={1433--1445},
    year={2012},
    publisher={Genetics Soc America}
}

@article{nelson2020accounting,
    title={Accounting for long-range correlations in genome-wide simulations
        of large cohorts},
    author={Nelson, Dominic and Kelleher, Jerome and Ragsdale, Aaron P and
        Moreau, Claudia and McVean, Gil and Gravel, Simon},
    journal={PLoS genetics},
    volume={16},
    number={5},
    pages={e1008619},
    year={2020},
    publisher={Public Library of Science San Francisco, CA USA}
}

@article{hayes20191000,
    title={1000 bull genomes project to map simple and complex genetic traits
        in cattle: applications and outcomes},
    author={Hayes, Ben J and Daetwyler, Hans D},
    journal={Annual review of animal biosciences},
    volume={7},
    pages={89--102},
    year={2019},
    publisher={Annual Reviews}
}

@article{darwin2022sequence,
    title={Sequence locally, think globally: The {Darwin Tree of Life
        Project}},
    author={{Darwin Tree of Life Project Consortium}},
    journal={Proceedings of the National Academy of Sciences},
    volume={119},
    number={4},
    pages={e2115642118},
    year={2022},
    publisher={National Acad Sciences}
}

@misc{lewin2022earth,
    title={The earth {BioGenome} project 2020: Starting the clock},
    author={Lewin, Harris A and Richards, Stephen and Aiden, Erez Lieberman
        and Allende, Miguel L and Archibald, John M and B{\'a}lint,
        Mikl{\'o}s and Barker, Katharine B and Baumgartner, Bridget and
            Belov, Katherine and Bertorelle, Giorgio and others},
    journal={Proceedings of the National Academy of Sciences},
    volume={119},
    number={4},
    year={2022},
    publisher={National Acad Sciences}
}

@article{miga2020telomere,
    title={Telomere-to-telomere assembly of a complete human {X} chromosome},
    author={Miga, Karen H and Koren, Sergey and Rhie, Arang and Vollger,
        Mitchell R and Gershman, Ariel and Bzikadze, Andrey and Brooks,
        Shelise and Howe, Edmund and Porubsky, David and Logsdon, Glennis A
            and others},
    journal={Nature},
    volume={585},
    number={7823},
    pages={79--84},
    year={2020},
    publisher={Nature Publishing Group}
}

@article{brandt2021evaluation,
    title={Evaluation of methods for the inference of ancestral recombination
        graphs},
    author={Brandt, D{\'e}bora YC and Wei, Xinzhu and Deng, Yun and Vaughn,
        Andrew H and Nielsen, Rasmus},
    journal = {Genetics},
    volume = {221},
    number = {1},
    year = {2022},
}

@article{rees2022inferring,
    author = {Jasmin Rees and Aida Andrés },
    title = {Inferring human evolutionary history},
    journal = {Science},
    volume = {375},
    number = {6583},
    pages = {817-818},
    year = {2022},
}

@article{wohns2022unified,
    author = {Anthony Wilder Wohns  and Yan Wong  and Ben Jeffery  
        and Ali Akbari  and Swapan Mallick  and Ron Pinhasi  
            and Nick Patterson  and David Reich  
            and Jerome Kelleher  and Gil McVean },
    title = {A unified genealogy of modern and ancient genomes},
    journal = {Science},
    volume = {375},
    number = {6583},
    pages = {eabi8264},
    year = {2022},
}

@article{baumdicker2021efficient,
    author = {Baumdicker, Franz and Bisschop, Gertjan and Goldstein, Daniel 
        and Gower, Graham and Ragsdale, Aaron P and Tsambos, Georgia and Zhu, Sha 
        and Eldon, Bjarki and Ellerman, E Castedo and Galloway, Jared G 
        and Gladstein, Ariella L and Gorjanc, Gregor and Guo, Bing 
        and Jeffery, Ben and Kretzschumar, Warren W and Lohse, Konrad 
        and Matschiner, Michael and Nelson, Dominic and Pope, Nathaniel S 
        and Quinto-Cortés, Consuelo D and Rodrigues, Murillo F 
        and Saunack, Kumar and Sellinger, Thibaut and Thornton, Kevin 
        and van Kemenade, Hugo and Wohns, Anthony W and Wong, Yan 
        and Gravel, Simon and Kern, Andrew D and Koskela, Jere 
        and Ralph, Peter L and Kelleher, Jerome},
    title = {Efficient ancestry and mutation simulation with msprime 1.0},
    journal = {Genetics},
    volume = {220},
    number = {3},
    year = {2022},
    note = {iyab229},
}

@article{rasmussen2022espalier,
    author = {Rasmussen, David A. and Guo, Fangfang},
    title = {{Espalier}: Efficient tree reconciliation and {ARG} 
        reconstruction using maximum agreement forests},
    year = {2022},
    publisher = {Cold Spring Harbor Laboratory},
    journal = {bioRxiv}
}

@article{deng2021distribution,
    title={The distribution of waiting distances in ancestral recombination graphs},
    author={Deng, Yun and Song, Yun S and Nielsen, Rasmus},
    journal={Theoretical population biology},
    volume={141},
    pages={34--43},
    year={2021},
    publisher={Elsevier}
}

@article{song2003on,
author ={Yun S. Song},
title = {On the combinatorics of rooted binary phylogenetic trees}, 
year = {2003},
journal = {Ann Comb},
volume = {7},
number = {3},
pages = {365--379},
}

@article{song2006properties,
author ={Yun S. Song},
title = {Properties of subtree-prune-and-regraft operations on 
    totally-ordered phylogenetic trees}, 
year = {2006},
journal = {Ann Comb},
volume = {10},
number = {1},
pages = {147--163},
}

@article{allen2001subtree,
    title={Subtree transfer operations and their induced metrics on
        evolutionary trees},
    author={Allen, Benjamin L and Steel, Mike},
    journal={Annals of combinatorics},
    volume={5},
    number={1},
    pages={1--15},
    year={2001},
    publisher={Springer}
}

@article{hein1996complexity,
    title={On the complexity of comparing evolutionary trees},
    author={Hein, Jotun and Jiang, Tao and Wang, Lusheng and Zhang,
        Kaizhong},
    journal={Discrete Applied Mathematics},
    volume={71},
    number={1-3},
    pages={153--169},
    year={1996},
    publisher={Elsevier}
}

@article{hubisz2020mapping,
    title={Mapping gene flow between ancient hominins through demography-aware inference of the ancestral recombination graph},
    author={Hubisz, Melissa J and Williams, Amy L and Siepel, Adam},
    journal={PLoS genetics},
    volume={16},
    number={8},
    pages={e1008895},
    year={2020},
    publisher={Public Library of Science}
}

@incollection{hubisz2020inference,
    title={Inference of ancestral recombination graphs using {ARGweaver}},
    author={Hubisz, Melissa and Siepel, Adam},
    booktitle={Statistical Population Genomics},
    pages={231--266},
    year={2020},
    publisher={Humana, New York, NY}
}

@article{fan2022genealogical,
    title={A genealogical estimate of genetic relationships},
    author={Fan, Caoqi and Mancuso, Nicholas and Chiang, Charleston WK},
    journal={The American Journal of Human Genetics},
    volume={109},
    number={5},
    pages={812--824},
    year={2022},
    publisher={Elsevier}
}

@article{novak2017genome,
    title={Genome graphs},
    author={Novak, Adam M and Hickey, Glenn and Garrison, Erik 
        and Blum, Sean and Connelly, Abram and Dilthey, Alexander and Eizenga, Jordan 
        and Elmohamed, MA Saleh and Guthrie, Sally and Kahles, Andr{\'e} and others},
    journal={BioRxiv},
    year={2017},
    publisher={Cold Spring Harbor Laboratory}
}

@article{Makanjuola2020,
    title = {Effect of genomic selection on rate of inbreeding and 
        coancestry and effective population size of
      {H}olstein and {J}ersey cattle populations},
    journal = {Journal of Dairy Science},
    volume = {103},
    number = {6},
    pages = {5183-5199},
    year = {2020},
    author={Makanjuola, Bayode O and Miglior, Filippo and Abdalla, Emhimad A and Maltecca, Christian and Schenkel, Flavio S and Baes, Christine F},
}

@article{MacLeod2013,
  author={MacLeod, Iona M and Larkin, Denis M and Lewin, Harris A and Hayes, Ben J 
      and Goddard, Mike E},
  title   = {Inferring Demography from Runs of Homozygosity in Whole-Genome Sequence, with Correction for Sequence Errors},
  journal = {Molecular Biology and Evolution},
  volume  = {30},
  number  = {9},
  pages   = {2209-2223},
  year    = {2013},
  month   = {07},
}

@article{RosFreixedes2022,
  author={Ros-Freixedes, Roger and Valente, Bruno D and Chen, Ching-Yi 
      and Herring, William O and Gorjanc, Gregor and Hickey, John M and Johnsson, Martin},
  title   = {Rare and population‐specific functional variation across pig lines},
  journal = {Genetics Selection Evolution},
  volume  = {54},
  number  = {39},
  year    = {2022},
}

@article{Ros-Freixedes2020,
  author={Ros-Freixedes, Roger and Whalen, Andrew and Chen, Ching-Yi and Gorjanc, 
      Gregor and Herring, William O and Mileham, Alan J and Hickey, John M},
  title = {Accuracy of whole-genome sequence imputation using hybrid peeling 
      in large pedigreed livestock populations},
  volume = {52},
  number = {17},
  year = {2020},
  journal = {Genetics Selection Evolution},
}

@article{whalen2018,
  title = {Hybrid peeling for fast and accurate calling, 
      phasing, and imputation with sequence data of any coverage in pedigrees},
  author={Whalen, Andrew and Ros-Freixedes, Roger and Wilson, David L and Gorjanc, Gregor 
      and Hickey, John M},
  journal = {Genetics Selection Evolution},
  volume = {50},
  number = {67},
  year = {2018},
}

@article{Johnsson2021,
  author={Johnsson, Martin and Whalen, Andrew and Ros-Freixedes, Roger and Gorjanc, Gregor 
      and Chen, Ching-Yi and Herring, William O and De Koning, Dirk-Jan and Hickey, John M},
  title = {Genetic variation in recombination rate in the pig},
  year = {2021},
  pages = {54},
  volume = {53},
  journal = {Genetics Selection Evolution},
}

@article{Hall2016,
    title = {Effective population sizes in cattle, sheep, 
        horses, pigs and goats estimated from census and herdbook data},
    journal = {Animal},
    volume = {10},
    number = {11},
    pages = {1778-1785},
    year = {2016},
    author = {Hall, S.J.G.}
}

@article{Porcnic2016,
    title = {Dimensionality of genomic information and performance of the {A}lgorithm for {P}roven and {Y}oung for different livestock species},
    journal = {Genetics Selection Evolution},
    volume = {48},
    number = {82},
    year = {2016},
    author={Pocrnic, Ivan and Lourenco, Daniela AL and Masuda, Yutaka and Misztal, Ignacy},
}

@article{Yue2015,
    title = {A limited number of {Y} chromosome lineages is present 
        in {N}orth {A}merican {H}olsteins},
    journal = {Journal of Dairy Science},
    volume = {98},
    number = {4},
    year = {2015},
    pages = {2738--2745},
    author={Yue, Xiang-Peng and Dechow, Chad and Liu, Wan-Sheng},
}

@article{Cesarani2022,
  title = {Multibreed genomic evaluation for production traits of 
      dairy cattle in the {U}nited {S}tates using single-step genomic 
          best linear unbiased predictor},
  journal = {Journal of Dairy Science},
  volume = {105},
  number = {6},
  pages = {5141-5152},
  year = {2022},
  author = {Cesarani, A and Lourenco, D and Tsuruta, S 
      and Legarra, A and Nicolazzi, E L and VanRaden, P M and Misztal, I},
}

@article{yang2012great,
    title={Great majority of recombination events in Arabidopsis are gene
        conversion events},
    author={Yang, Sihai and Yuan, Yang and Wang, Long and Li, Jing and
        Wang, Wen and Liu, Haoxuan and Chen, Jian-Qun and Hurst, Laurence D
            and Tian, Dacheng},
    journal={Proceedings of the National Academy of Sciences},
    volume={109},
    number={51},
    pages={20992--20997},
    year={2012},
    publisher={National Acad Sciences}
}

@article{chen2007gene,
    author = {Chen, Jian-Min and Cooper, David N and Chuzhanova, Nadia 
        and F{\'{e}}rec, Claude and Patrinos, George P},
    journal = {Nature Reviews Genetics},
    number = {10},
    pages = {762--775},
    title = {Gene conversion: mechanisms, evolution and human disease},
    volume = {8},
    year = {2007}
}

@article{anderson2022genes,
    title={On the Genes, Genealogies, and Geographies of Quebec},
    author={Anderson-Trocme, Luke and Nelson, Dominic and Zabad, Shadi and
        Diaz-Papkovich, Alex and Baya, Nikolas and Touvier, Mathilde and
            Jeffery, Benjamin and Dina, Christian and Vezina, Helene and
            Kelleher, Jerome and others},
    journal={bioRxiv},
    year={2022},
    publisher={Cold Spring Harbor Laboratory}
}

@article{speidel2021inferring,
    title={Inferring population histories for ancient genomes using
        genome-wide genealogies},
    author={Speidel, Leo and Cassidy, Lara and Davies, Robert W and
        Hellenthal, Garrett and Skoglund, Pontus and Myers, Simon R},
    journal={Molecular biology and evolution},
    volume={38},
    number={9},
    pages={3497--3511},
    year={2021},
}

@article{nordborg2000linkage,
    title={Linkage disequilibrium, gene trees and selfing: an ancestral
        recombination graph with partial self-fertilization},
    author={Nordborg, Magnus},
    journal={Genetics},
    volume={154},
    number={2},
    pages={923--929},
    year={2000},
    publisher={Oxford University Press}
}

@article{birkner2013ancestral,
    title={An ancestral recombination graph for diploid populations with
        skewed offspring distribution},
    author={Birkner, Matthias and Blath, Jochen and Eldon, Bjarki},
    journal={Genetics},
    volume={193},
    number={1},
    pages={255--290},
    year={2013},
    publisher={Oxford University Press}
}

@article{griffiths2016coalescent,
    title={A coalescent dual process for a {Wright--Fisher} diffusion with
        recombination and its application to haplotype partitioning},
    author={Griffiths, Robert C and Jenkins, Paul A and Lessard, Sabin},
    journal={Theoretical population biology},
    volume={112},
    pages={126--138},
    year={2016},
    publisher={Elsevier}
}

@article{hejase2022deep,
    title={A deep-learning approach for inference of selective sweeps from
        the ancestral recombination graph},
    author={Hejase, Hussein A and Mo, Ziyi and Campagna, Leonardo and
        Siepel, Adam},
    journal={Molecular biology and evolution},
    volume={39},
    number={1},
    pages={msab332},
    year={2022},
    publisher={Oxford University Press}
}

@article{li2011inference,
  title={Inference of human population history from individual whole-genome sequences},
  author={Li, Heng and Durbin, Richard},
  journal={Nature},
  volume={475},
  number={7357},
  pages={493--496},
  year={2011},
  publisher={Nature Publishing Group}
}

@article{paul2011accurate,
  title={An accurate sequentially Markov conditional sampling distribution for the coalescent with recombination},
  author={Paul, Joshua S and Steinrucken, Matthias and Song, Yun S},
  journal={Genetics},
  volume={187},
  number={4},
  pages={1115--1128},
  year={2011},
  publisher={Oxford University Press}
}

@article{schiffels2014inferring,
  title={Inferring human population size and separation history from multiple genome sequences},
  author={Schiffels, Stephan and Durbin, Richard},
  journal={Nature genetics},
  volume={46},
  number={8},
  pages={919--925},
  year={2014},
  publisher={Nature Publishing Group}
}

@article{kuhner2015assessing,
    title={Assessing differences between ancestral recombination graphs},
    author={Kuhner, Mary K and Yamato, Jon},
    journal={Journal of molecular evolution},
    volume={80},
    number={5},
    pages={258--264},
    year={2015},
    publisher={Springer}
}

@article{kuhner2017consensus,
    title={A Consensus Method for Ancestral Recombination Graphs},
    author={Kuhner, Mary K and Yamato, Jon},
    journal={Journal of molecular evolution},
    volume={84},
    number={2},
    pages={129--138},
    year={2017},
    publisher={Springer}
}

@article{shipilina2023origin,
    title={On the origin and structure of haplotype blocks},
    author={Shipilina, Daria and Pal, Arka and Stankowski, Sean and Chan,
        Yingguang Frank and Barton, Nicholas H},
    journal={Molecular Ecology},
    volume={32},
    number={6},
    pages={1441--1457},
    year={2023},
    publisher={Wiley Online Library}
}

@article{ignatieva2023distribution,
    title={The distribution of branch duration and detection of inversions in
        ancestral recombination graphs},
    author={Ignatieva, Anastasia and Favero, Martina and Koskela, Jere and
        Sant, Jaromir and Myers, Simon R},
    journal={bioRxiv},
    pages={2023--07},
    year={2023},
    publisher={Cold Spring Harbor Laboratory}
}

@article{halldorsson2022sequences,
    title={The sequences of 150,119 genomes in the UK Biobank},
    author={Halldorsson, Bjarni V and Eggertsson, Hannes P and Moore,
        Kristjan HS and Hauswedell, Hannes and Eiriksson, Ogmundur and
            Ulfarsson, Magnus O and Palsson, Gunnar and Hardarson, Marteinn
            T and Oddsson, Asmundur and Jensson, Brynjar O and others},
    journal={Nature},
    volume={607},
    number={7920},
    pages={732--740},
    year={2022},
}

@article{zhan2023towards,
    title={Towards Pandemic-Scale Ancestral Recombination Graphs of
        {SARS-CoV-2}},
    author={Zhan, Shing H and Ignatieva, Anastasia and Wong, Yan and Eaton,
        Katherine and Jeffery, Benjamin and Palmer, Duncan S and Murall,
        Carmen Lia and Otto, Sarah and Kelleher, Jerome},
    journal={bioRxiv},
    pages={2023--06},
    year={2023},
    publisher={Cold Spring Harbor Laboratory}
}

@misc{tskit2023tskit,
  title={Tskit: {A} portable library for population scale genealogical analysis},
  author={{Tskit developers}},
  note={In preparation},
  year={2023},
}

@article{korfmann2022weak,
    title={Weak seed banks influence the signature and detectability of
        selective sweeps},
    author={Korfmann, Kevin and Awad, Diala Abu and Tellier, Aur{\'e}lien},
    journal={bioRxiv},
    year={2022},
    url={https://doi.org/10.1101/2022.04.26.489499 },
    publisher={Cold Spring Harbor Laboratory}
}

@article{petr2022slendr,
    title={Slendr: {A} framework for spatio-temporal population genomic
        simulations on geographic landscapes},
    author={Petr, Martin and Haller, Benjamin C and Ralph, Peter L and
        Racimo, Fernando},
    journal={bioRxiv},
    url = {https://doi.org/10.1101/2022.03.20.485041 },
    year={2022},
    publisher={Cold Spring Harbor Laboratory}
}

@article{terasaki2021geonomics,
    title={Geonomics: {F}orward-time, spatially explicit, and arbitrarily
        complex landscape genomic simulations},
    author={Terasaki Hart, Drew E and Bishop, Anusha P and Wang, Ian J},
    journal={Molecular Biology and Evolution},
    volume={38},
    number={10},
    pages={4634--4646},
    year={2021},
    publisher={Oxford University Press}
}

@article{adrion2020community,
    title={A community-maintained standard library of population genetic
        models},
    author={Adrion, Jeffrey R and Cole, Christopher B and Dukler, Noah and
        Galloway, Jared G and Gladstein, Ariella L and Gower, Graham and
            Kyriazis, Christopher C and Ragsdale, Aaron P and Tsambos,
        Georgia and Baumdicker, Franz and others},
    journal={elife},
    volume={9},
    pages={e54967},
    year={2020},
    publisher={eLife Sciences Publications, Ltd}
}

@inproceedings{gog2014theory,
    title={From theory to practice: Plug and play with succinct data structures},
    author={Gog, Simon and Beller, Timo and Moffat, Alistair and Petri, Matthias},
    booktitle={International Symposium on Experimental Algorithms},
    pages={326--337},
    year={2014},
    organization={Springer}
}

@article{harris2023using,
    title={Using enormous genealogies to map causal variants in space and
        time},
    author={Harris, Kelley},
    journal={Nature Genetics},
    pages={1--2},
    year={2023},
    publisher={Nature Publishing Group US New York}
}

@article{excoffier2006computer,
    title={Computer programs for population genetics data analysis: a
        survival guide},
    author={Excoffier, Laurent and Heckel, Gerald},
    journal={Nature Reviews Genetics},
    volume={7},
    number={10},
    pages={745--758},
    year={2006},
    publisher={Nature Publishing Group UK London}
}

@article{arenas2013importance,
    title={The importance and application of the ancestral recombination
        graph},
    author={Arenas, Miguel},
    journal={Frontiers in genetics},
    volume={4},
    pages={206},
    year={2013},
    publisher={Frontiers Media SA}
}

% TODO add pages and volume
@article{nowbandegani2023extremely,
    title={Extremely sparse models of linkage disequilibrium in ancestrally
        diverse association studies},
    author={Nowbandegani, Pouria Salehi  and Wohns, Anthony Wilder and
        Ballard, Jenna L and Lander, Eric S and Bloemendal, Alex and Neale,
        Benjamin M and O’Connor, Luke J},
    journal={Nature Genetics},
    year={2023},
    publisher={Nature Publishing Group US New York}
}

@article{kelleher2013coalescent,
    title={Coalescent simulation in continuous space},
    author={Kelleher, Jerome and Barton, Nicholas H and Etheridge, Alison
        M},
    journal={Bioinformatics},
    volume={29},
    number={7},
    pages={955--956},
    year={2013},
    publisher={Oxford University Press}
}

@article{kelleher2014coalescent,
    title={Coalescent simulation in continuous space: Algorithms for large
        neighbourhood size},
    author={Kelleher, Jerome and Etheridge, Alison M and Barton, Nicholas
        H},
    journal={Theoretical population biology},
    volume={95},
    pages={13--23},
    year={2014},
    publisher={Elsevier}
}

@article{palamara2016argon,
    author = {Palamara, Pier Francesco},
    title = {{ARGON}: fast, whole-genome simulation of the discrete time
        {Wright-Fisher} process},
    journal = {Bioinformatics},
    volume = {32},
    number = {19},
    pages = {3032-3034},
    year = {2016},
    month = {06},
    issn = {1367-4803},
    doi = {10.1093/bioinformatics/btw355},
    url = {https://doi.org/10.1093/bioinformatics/btw355},
}

@article{vaninsberghe2021recombinant,
    title={Recombinant {SARS-CoV-2} genomes circulated at low levels over the
        first year of the pandemic},
    author={VanInsberghe, David and Neish, Andrew S and Lowen, Anice C and
        Koelle, Katia},
    journal={Virus Evolution},
    volume={7},
    number={2},
    pages={veab059},
    year={2021},
    publisher={Oxford University Press UK}
}


@article{jackson2021generation,
    title={Generation and transmission of interlineage recombinants in the
        {SARS-CoV-2} pandemic},
    author={Jackson, Ben and Boni, Maciej F and Bull, Matthew J and
        Colleran, Amy and Colquhoun, Rachel M and Darby, Alistair C and
            Haldenby, Sam and Hill, Verity and Lucaci, Anita and McCrone,
        John T and others},
    journal={Cell},
    volume={184},
    number={20},
    pages={5179--5188},
    year={2021},
    publisher={Elsevier}
}

@article{ignatieva2022ongoing,
    title={Ongoing recombination in {SARS-CoV-2} revealed through genealogical
        reconstruction},
    author={Ignatieva, Anastasia and Hein, Jotun and Jenkins, Paul A},
    journal={Molecular Biology and Evolution},
    volume={39},
    number={2},
    pages={msac028},
    year={2022},
    publisher={Oxford University Press}
}

@article{bal2022detection,
    title={Detection and prevalence of {SARS-CoV-2} co-infections during the
        {O}micron variant circulation in {F}rance},
    author={Bal, Antonin and Simon, Bruno and Destras, Gregory and
        Chalvignac, Richard and Semanas, Quentin and Oblette, Antoine and
            Qu{\'e}rom{\`e}s, Gr{\'e}gory and Fanget, Remi and Regue,
        Hadrien and Morfin, Florence and others},
    journal={Nature Communications},
    volume={13},
    number={1},
    pages={6316},
    year={2022},
    publisher={Nature Publishing Group UK London}
}

@article{shu2017gisaid,
    title={{GISAID}: Global initiative on sharing all influenza data--from
        vision to reality},
    author={Shu, Yuelong and McCauley, John},
    journal={Eurosurveillance},
    volume={22},
    number={13},
    pages={30494},
    year={2017},
    publisher={European Centre for Disease Prevention and
        Control}
}

@book{knuth11combinatorial,
    author = {D. E. Knuth},
    title = {Combinatorial Algorithms, Part 1},
    publisher = {Addison-Wesley},
    address = {Upper Saddle River, New Jersey},
    year = {2011},
    volume = {4A of \emph{The Art of Computer Programming}}}
}

@article{kendall2016mapping,
    title={Mapping phylogenetic trees to reveal distinct patterns of
        evolution},
    author={Kendall, Michelle and Colijn, Caroline},
    journal={Molecular biology and evolution},
    volume={33},
    number={10},
    pages={2735--2743},
    year={2016},
    publisher={Oxford University Press}
}

@article{robinson1981comparison,
    title={Comparison of phylogenetic trees},
    author={Robinson, David F and Foulds, Leslie R},
    journal={Mathematical biosciences},
    volume={53},
    number={1-2},
    pages={131--147},
    year={1981},
    publisher={Elsevier}
}

@article{hayman2023recoverability,
    title={Recoverability of ancestral recombination graph topologies},
    author={Hayman, Elizabeth and Ignatieva, Anastasia and Hein, Jotun},
    journal={Theoretical Population Biology},
    volume={154},
    pages={27--39},
    year={2023},
    publisher={Elsevier}
}

@phdthesis{myers2002detection,
    title={The detection of recombination events using DNA sequence data},
    author={Myers, Simon R},
    year={2002},
    school={University of Oxford}
}

@article{gower2022demes,
    title={Demes: a standard format for demographic models},
    author={Gower, Graham and Ragsdale, Aaron P and Bisschop, Gertjan and
        Gutenkunst, Ryan N and Hartfield, Matthew and Noskova, Ekaterina
            and Schiffels, Stephan and Struck, Travis J and Kelleher,
        Jerome and Thornton, Kevin R},
    journal={Genetics},
    volume={222},
    number={3},
    pages={iyac131},
    year={2022},
    publisher={Oxford University Press}
}

@unpublished{lewanski2023era,
    title={The era of the {ARG}: an empiricist’s guide to ancestral recombination graphs},
    author={Lewanski, Alexander L and Grundlerd, Michael C and Bradburd, Gideon S},
    note={in preparation},
    year = {2023}
}


@article{kuhner2006lamarc,
    title={{LAMARC 2.0}: maximum likelihood and Bayesian estimation of
        population parameters},
    author={Kuhner, Mary K},
    journal={Bioinformatics},
    volume={22},
    number={6},
    pages={768--770},
    year={2006},
    publisher={Oxford University Press}
}

@article{vaughan2017inferring,
    title={Inferring ancestral recombination graphs from bacterial genomic
        data},
    author={Vaughan, Timothy G and Welch, David and Drummond, Alexei J and
        Biggs, Patrick J and George, Tessy and French, Nigel P},
    journal={Genetics},
    volume={205},
    number={2},
    pages={857--870},
    year={2017},
    publisher={Oxford University Press}
}

@article{fan2023likelihood,
    author = {Caoqi Fan and Jordan L Cahoon and Bryan L Dinh and Diego
        Ortega-Del Vecchyo and Christian D Huber and Michael D. Edge and
            Nicholas Mancuso and Charleston W.K. Chiang},
    title = {A likelihood-based framework for demographic inference
        from genealogical trees},
    year = {2023},
    doi = {10.1101/2023.10.10.561787},
    publisher = {Cold Spring Harbor Laboratory},
    journal = {bioRxiv}
}

@article{turnbull2018hundred,
  title    = "The 100 000 Genomes Project: bringing whole genome sequencing to
              the {NHS}",
  author   = "Turnbull, Clare and Scott, Richard H and Thomas, Ellen and Jones,
              Louise and Murugaesu, Nirupa and Pretty, Freya Boardman and
              Halai, Dina and Baple, Emma and Craig, Clare and Hamblin, Angela
              and Henderson, Shirley and Patch, Christine and O'Neill, Amanda
              and Devereau, Andrew and Smith, Katherine and Martin, Antonio
              Rueda and Sosinsky, Alona and McDonagh, Ellen M and Sultana,
              Razvan and Mueller, Michael and Smedley, Damian and Toms, Adam
              and Dinh, Lisa and Fowler, Tom and Bale, Mark and Hubbard, Tim
              and Rendon, Augusto and Hill, Sue and Caulfield, Mark J and {100
              000 Genomes Project}",
  journal  = "BMJ",
  volume   =  361,
  pages    = "k1687",
  month    =  apr,
  year     =  2018,
}

@article{guo2022recombination,
    title={Recombination-aware phylogeographic inference using the 
        structured coalescent with ancestral recombination},
    author={Guo, Fangfang and Carbone, Ignazio and Rasmussen, David A},
    journal={PLOS Computational Biology},
    volume={18},
    number={8},
    pages={e1010422},
    year={2022},
}

@article{lauterbur2023expanding,
    title={Expanding the stdpopsim species catalog, and lessons learned for
        realistic genome simulations},
    author={Lauterbur, M Elise and Cavassim, Maria Izabel A and Gladstein,
        Ariella L and Gower, Graham and Pope, Nathaniel S and Tsambos,
        Georgia and Adrion, Jeffrey and Belsare, Saurabh and Biddanda,
        Arjun and Caudill, Victoria and others},
    journal={Elife},
    volume={12},
    pages={RP84874},
    year={2023},
    publisher={eLife Sciences Publications Limited}
}

@article{li2003modeling,
  title={Modeling linkage disequilibrium and identifying recombination hotspots using 
      single-nucleotide polymorphism data},
  author={Li, Na and Stephens, Matthew},
  journal={Genetics},
  volume={165},
  number={4},
  pages={2213--2233},
  year={2003},
  publisher={Genetics Soc America}
}


@article{donnelly1996countable,
author = {Peter Donnelly and Thomas G. Kurtz},
title = {{A countable representation of the Fleming-Viot measure-valued diffusion}},
journal = {Annals of Probability},
volume = {24},
pages = {698 -- 742},
year = {1996},
doi = {10.1214/aop/1039639359},
}

@article{pitman1999coalescents,
  title={Coalescents with multiple collisions},
  author={Pitman, Jim},
  journal={Annals of Probability},
  volume = {27},
  pages={1870--1902},
  year={1999},
  doi = {10.1214/aop/1022874819}
}

@article{sagitov1999general,
  title={The general coalescent with asynchronous mergers of ancestral lines},
  author={Sagitov, Serik},
  journal={Journal of Applied Probability},
  volume={36},
  pages={1116--1125},
  year={1999},
  doi = {10.1239/jap/1032374759}
}

@article{schrider2013rates,
    author = {Schrider, Daniel R and Houle, David and Lynch, Michael and Hahn, Matthew W},
    title = "{Rates and Genomic Consequences of Spontaneous Mutational Events in Drosophila melanogaster}",
    journal = {Genetics},
    volume = {194},
    pages = {937-954},
    year = {2013},
    issn = {1943-2631},
    doi = {10.1534/genetics.113.151670}
}

@article{li2006inferring,
  title={Inferring the demographic history and rate of adaptive substitution in Drosophila},
  author={Li, Haipeng and Stephan, Wolfgang},
  journal={PLoS genetics},
  volume={2},
  number={10},
  pages={e166},
  year={2006},
  doi = {10.1371/journal.pgen.0020166}
}

@article{comeron2012many,
    doi = {10.1371/journal.pgen.1002905},
    author = {Comeron, Josep M. AND Ratnappan, Ramesh AND Bailin, Samuel},
    journal = {PLOS Genetics},
    title = {The Many Landscapes of Recombination in Drosophila melanogaster},
    year = {2012},
    volume = {8},
    pages = {1-21}
}

@article{backman2021exome,
    title={Exome sequencing and analysis of 454,787 UK Biobank participants},
    author={Backman, Joshua D and Li, Alexander H and Marcketta, Anthony
        and Sun, Dylan and Mbatchou, Joelle and Kessler, Michael D and
            Benner, Christian and Liu, Daren and Locke, Adam E and
            Balasubramanian, Suganthi and others},
    journal={Nature},
    volume={599},
    number={7886},
    pages={628--634},
    year={2021},
    publisher={Nature Publishing Group UK London}
}

@article{danecek2021twelve,
    title={Twelve years of {SAMtools} and {BCFtools}},
    author={Danecek, Petr and Bonfield, James K and Liddle, Jennifer and
        Marshall, John and Ohan, Valeriu and Pollard, Martin O and
            Whitwham, Andrew and Keane, Thomas and McCarthy, Shane A and
            Davies, Robert M and others},
    journal={Gigascience},
    volume={10},
    number={2},
    pages={giab008},
    year={2021},
    publisher={Oxford University Press}
}

@article{bonfield2021htslib,
    title={{HTSlib}: {C} library for reading/writing high-throughput sequencing data},
    author={Bonfield, James K and Marshall, John and Danecek, Petr and Li,
        Heng and Ohan, Valeriu and Whitwham, Andrew and Keane, Thomas and
            Davies, Robert M},
    journal={Gigascience},
    volume={10},
    number={2},
    pages={giab007},
    year={2021},
    publisher={Oxford University Press}
}

@article{kelleher2019htsget,
    title={htsget: a protocol for securely streaming genomic data},
    author={Kelleher, Jerome and Lin, Mike and Albach, Carl H and Birney,
        Ewan and Davies, Robert and Gourtovaia, Marina and Glazer, David
            and Gonzalez, Cristina Y and Jackson, David K and Kemp, Aaron
            and others},
    journal={Bioinformatics},
    volume={35},
    number={1},
    pages={119--121},
    year={2019},
    publisher={Oxford University Press}
}

@article{li2009sequence,
    title={The sequence alignment/map format and SAMtools},
    author={Li, Heng and Handsaker, Bob and Wysoker, Alec and Fennell, Tim
        and Ruan, Jue and Homer, Nils and Marth, Gabor and Abecasis,
        Goncalo and Durbin, Richard and 1000 Genome Project Data Processing
            Subgroup},
    journal={bioinformatics},
    volume={25},
    number={16},
    pages={2078--2079},
    year={2009},
    publisher={Oxford University Press}
}

@article{10002015global,
    title={A global reference for human genetic variation},
    author={1000 Genomes Project Consortium and others},
    journal={Nature},
    volume={526},
    number={7571},
    pages={68},
    year={2015},
    publisher={Nature Publishing Group}
}
